@book{kuhn2020tidymodels,
  title={Tidy Modeling with R},
  author={Kuhn, Max and Silge, Julia},
  year={2022},
  publisher={O'Reilly Media},
  url={https://www.tmwr.org/}
}

@article{braun2006thematic,
  title={Using thematic analysis in psychology},
  author={Braun, Virginia and Clarke, Victoria},
  journal={Qualitative Research in Psychology},
  volume={3},
  number={2},
  pages={77--101},
  year={2006},
  publisher={Taylor \& Francis}
}

@article{cohen1988statistical,
  title={Statistical Power Analysis for the Behavioral Sciences},
  author={Cohen, Jacob},
  year={1988},
  publisher={Lawrence Erlbaum Associates},
  edition={2nd}
} 