@book{kuhn2020tidymodels,
  title={Tidy Modeling with R},
  author={Kuhn, Max and Silge, Julia},
  year={2022},
  publisher={O'Reilly Media},
  url={https://www.tmwr.org/}
}

@book{hvitfeldt2021,
  title={Supervised Machine Learning for Text Analysis in R},
  author={Hvitfeldt, Emil and Silge, Julia},
  year={2021},
  publisher={Chapman and Hall/CRC},
  url={https://smltar.com/}
}

@book{silge2017,
  title={Text Mining with R: A Tidy Approach},
  author={Silge, Julia and Robinson, David},
  year={2017},
  publisher={O'Reilly Media},
  url={https://www.tidytextmining.com/}
}

@article{braun2006thematic,
  title={Using thematic analysis in psychology},
  author={Braun, Virginia and Clarke, Victoria},
  journal={Qualitative Research in Psychology},
  volume={3},
  number={2},
  pages={77--101},
  year={2006},
  publisher={Taylor \& Francis}
}

@article{cohen1988statistical,
  title={Statistical Power Analysis for the Behavioral Sciences},
  author={Cohen, Jacob},
  year={1988},
  publisher={Lawrence Erlbaum Associates},
  edition={2nd}
}

@techreport{bls2024,
  title={Occupational Outlook Handbook: Substance Abuse, Behavioral Disorder, and Mental Health Counselors},
  author={{U.S. Bureau of Labor Statistics}},
  year={2024},
  institution={U.S. Department of Labor},
  url={https://www.bls.gov/ooh/community-and-social-service/substance-abuse-behavioral-disorder-and-mental-health-counselors.htm}
}

@techreport{hrsa2023,
  title={Behavioral Health Workforce Report},
  author={{Health Resources and Services Administration}},
  year={2023},
  institution={U.S. Department of Health and Human Services},
  url={https://bhw.hrsa.gov/data-research/projecting-health-workforce-supply-demand}
}

@article{eby2010,
  title={The relationship between perceptions of organizational functioning and voluntary counselor turnover: A four-wave longitudinal study},
  author={Eby, Lillian T and Rothrauff-Laschober, Tanja C},
  journal={Journal of Substance Abuse Treatment},
  volume={39},
  number={2},
  pages={95--103},
  year={2010},
  publisher={Elsevier}
}

@article{knox2019,
  title={Stigma and status: The challenges of pursuing a career in addiction counseling},
  author={Knox, Sarah and Burkard, Alan W and Suzuki, Lisa A and Ponterotto, Joseph G},
  journal={Journal of Counseling \& Development},
  volume={97},
  number={3},
  pages={281--291},
  year={2019},
  publisher={Wiley}
}

@article{renner2019,
  title={Infusing addiction education: A model curriculum for counselor education programs},
  author={Renner, Jennifer A and Karam, Elizabeth A and Campbell, Todd C},
  journal={Journal of Addictions \& Offender Counseling},
  volume={40},
  number={2},
  pages={114--129},
  year={2019},
  publisher={Wiley}
}

@article{doukas2014,
  title={Recovering counselor educators: A phenomenological study},
  author={Doukas, Nick and Cullen, John},
  journal={Counselor Education and Supervision},
  volume={53},
  number={4},
  pages={284--299},
  year={2014},
  publisher={Wiley}
}

@article{curtis2013,
  title={Personal experience of addiction among addiction counselors: A phenomenological study},
  author={Curtis, Sharyl L and Eby, Lillian T},
  journal={Drug and Alcohol Dependence},
  volume={128},
  number={1-2},
  pages={158--163},
  year={2013},
  publisher={Elsevier}
}

@article{lent1994,
  title={Toward a unifying social cognitive theory of career and academic interest, choice, and performance},
  author={Lent, Robert W and Brown, Steven D and Hackett, Gail},
  journal={Journal of Vocational Behavior},
  volume={45},
  number={1},
  pages={79--122},
  year={1994},
  publisher={Academic Press}
}

@article{lent2002,
  title={Social cognitive career theory},
  author={Lent, Robert W and Brown, Steven D},
  journal={Career Choice and Development},
  volume={4},
  pages={255--311},
  year={2002},
  publisher={Jossey-Bass}
}

@article{sias2008,
  title={The career development of students in substance abuse counseling programs},
  author={Sias, Shari M and Lambie, Glenn W and Foster, Victoria A},
  journal={Journal of Addictions \& Offender Counseling},
  volume={29},
  number={1},
  pages={20--35},
  year={2008},
  publisher={Wiley}
}

@article{bingham2018,
  title={The lived experiences of addiction counselors: A phenomenological investigation},
  author={Bingham, Jennifer L and Adolphe, Andrea},
  journal={Journal of Addictions \& Offender Counseling},
  volume={39},
  number={2},
  pages={78--92},
  year={2018},
  publisher={Wiley}
}

@book{creswell2014,
  title={Research design: Qualitative, quantitative, and mixed methods approaches},
  author={Creswell, John W and Creswell, J David},
  year={2014},
  publisher={Sage publications},
  edition={4th}
}

@book{krueger2014,
  title={Focus groups: A practical guide for applied research},
  author={Krueger, Richard A and Casey, Mary Anne},
  year={2014},
  publisher={Sage publications},
  edition={5th}
}

@article{wickham2019,
  title={Welcome to the Tidyverse},
  author={Wickham, Hadley and Averick, Mara and Bryan, Jennifer and Chang, Winston and McGowan, Lucy D'Agostino and Fran√ßois, Romain and Grolemund, Garrett and Hayes, Alex and Henry, Lionel and Hester, Jim and others},
  journal={Journal of Open Source Software},
  volume={4},
  number={43},
  pages={1686},
  year={2019}
}

@book{holland1997,
  title={Making vocational choices: A theory of vocational personalities and work environments},
  author={Holland, John L},
  year={1997},
  publisher={Psychological Assessment Resources},
  edition={3rd}
}

@techreport{substance2019,
  title={Racial/Ethnic Differences in Substance Use, Substance Use Disorders, and Substance Use Treatment Utilization in the United States},
  author={{Substance Abuse and Mental Health Services Administration}},
  year={2019},
  institution={U.S. Department of Health and Human Services},
  number={NSDUH Series H-54}
} 